<record><leader>00000cas a22000007a 4500</leader><controlfield tag="001">18259554</controlfield><controlfield tag="008">880722d19731991nyuwr ne      0    0eng d</controlfield><datafield ind1=" " ind2=" " tag="010"><subfield code="a">sn 88074607 </subfield></datafield><datafield ind1=" " ind2=" " tag="040"><subfield code="a">NYS</subfield><subfield code="b">eng</subfield><subfield code="c">NYS</subfield><subfield code="d">NSD</subfield><subfield code="d">NYS</subfield><subfield code="d">OCLCQ</subfield></datafield><datafield ind1=" " ind2=" " tag="042"><subfield code="a">msc</subfield></datafield><datafield ind1="0" ind2="0" tag="245"><subfield code="a">Northern Allegany observer, Belfast blaze Castilian, new Letchworth leader and Castile news.</subfield></datafield><datafield ind1=" " ind2=" " tag="260"><subfield code="a">Fillmore, N.Y. :</subfield><subfield code="b">Sanders Pub.,</subfield><subfield code="c">1973-</subfield></datafield><datafield ind1=" " ind2=" " tag="300"><subfield code="a">v.</subfield></datafield><datafield ind1=" " ind2=" " tag="310"><subfield code="a">Weekly</subfield></datafield><datafield ind1="0" ind2=" " tag="362"><subfield code="a">Vol. 72, no. 43 (Oct. 17, 1973)-</subfield></datafield><datafield ind1="1" ind2=" " tag="362"><subfield code="a">Ceased in 1991?</subfield></datafield><datafield ind1=" " ind2="4" tag="651"><subfield code="a">Fillmore (N.Y.)</subfield><subfield code="v">Newspapers.</subfield></datafield><datafield ind1=" " ind2="4" tag="651"><subfield code="a">Castile (N.Y.)</subfield><subfield code="v">Newspapers.</subfield></datafield><datafield ind1=" " ind2=" " tag="752"><subfield code="a">United States</subfield><subfield code="b">New York</subfield><subfield code="c">Allegany</subfield><subfield code="d">Fillmore.</subfield></datafield><datafield ind1=" " ind2=" " tag="752"><subfield code="a">United States</subfield><subfield code="b">New York</subfield><subfield code="c">Wyoming</subfield><subfield code="d">Castile.</subfield></datafield><datafield ind1="0" ind2="0" tag="780"><subfield code="t">Northern Allegany observer, the Castilian, new Letchworth leader and Castile news</subfield><subfield code="w">(DLC)sn 88074605</subfield><subfield code="w">(OCoLC)18255673</subfield></datafield><datafield ind1="0" ind2="4" tag="785"><subfield code="t">Nunda times, Northern Allegany observer</subfield><subfield code="x">1060-0760</subfield><subfield code="w">(DLC)sn 91003792</subfield><subfield code="w">(OCoLC)24866577</subfield></datafield></record>